<collection xmlns="http://www.loc.gov/MARC21/slim">
<record>
  <leader>01320nam0a2200253 i 450 </leader>
  <controlfield tag="001">IT\ICCU\CNCE\017195</controlfield>
  <controlfield tag="005">20120531000000.0</controlfield>
  <datafield tag="012" ind1=" " ind2=" ">
    <subfield code="a">paj. nae. ert* popd (C) 1503 (R)</subfield>
    <subfield code="2">fei</subfield>
  </datafield>
  <datafield tag="100" ind1=" " ind2=" ">
    <subfield code="a">19970101d1503        0itac0103    ba</subfield>
  </datafield>
  <datafield tag="101" ind1=" " ind2=" ">
    <subfield code="a">LAT</subfield>
  </datafield>
  <datafield tag="102" ind1=" " ind2=" ">
    <subfield code="a">IT</subfield>
  </datafield>
  <datafield tag="200" ind1="1" ind2=" ">
    <subfield code="a">Consilii domini Dy. de Mucello. Tractatus Dy. super actionum arbore. Et de interesse. Et super ti. de regu. juris</subfield>
  </datafield>
  <datafield tag="210" ind1=" " ind2=" ">
    <subfield code="e">Impressum Mediolani</subfield>
    <subfield code="g">per magistrum Leonardum Pachel</subfield>
    <subfield code="g">ad impensas Iohannes Iacobus de Legnano et fratribus suis \!!</subfield>
    <subfield code="h">1503 die XXIII Februarij</subfield>
  </datafield>
  <datafield tag="215" ind1=" " ind2=" ">
    <subfield code="a">\64! c.</subfield>
    <subfield code="d">fol</subfield>
  </datafield>
  <datafield tag="300" ind1=" " ind2=" ">
    <subfield code="a">A c. C6 altro coloph.: Impressum Mediolani : per magistrum Leonardum Pachel, 1503 die XXI Ianuarij. - A c. DD3v. altro coloph.: Impressum Mediolani : per magistrum Leonardum Pachel, 1503 die IIII Februarij</subfield>
  </datafield>
  <datafield tag="620" ind1=" " ind2=" ">
    <subfield code="a">IT</subfield>
    <subfield code="d">Milano</subfield>
  </datafield>
  <datafield tag="700" ind1=" " ind2="0">
    <subfield code="a">Dino</subfield>
    <subfield code="c"> : del#Mugello</subfield>
    <subfield code="3">IT\ICCU\CNCA\004842</subfield>
  </datafield>
  <datafield tag="712" ind1="0" ind2="0">
    <subfield code="a">Pachel, Leonhard</subfield>
    <subfield code="3">IT\ICCU\CNCT\000080</subfield>
    <subfield code="4">650</subfield>
  </datafield>
  <datafield tag="712" ind1="0" ind2="0">
    <subfield code="a">Da_Legnano, Giovanni Giacomo &amp; fratelli</subfield>
    <subfield code="3">IT\ICCU\CNCT\001554</subfield>
    <subfield code="4">650</subfield>
  </datafield>
  <datafield tag="790" ind1=" " ind2="1">
    <subfield code="a">Rossoni,</subfield>
    <subfield code="b">Dino</subfield>
    <subfield code="3">IT\ICCU\CNCA\004843</subfield>
    <subfield code="z">Dino : del#Mugello</subfield>
  </datafield>
  <datafield tag="790" ind1=" " ind2="0">
    <subfield code="a">Dynus</subfield>
    <subfield code="c"> &lt;giurista&gt;</subfield>
    <subfield code="3">IT\ICCU\CNCA\016710</subfield>
    <subfield code="z">Dino : del#Mugello</subfield>
  </datafield>
  <datafield tag="790" ind1=" " ind2="0">
    <subfield code="a">Dinus</subfield>
    <subfield code="c"> : Muxellanus</subfield>
    <subfield code="3">IT\ICCU\CNCA\022306</subfield>
    <subfield code="z">Dino : del#Mugello</subfield>
  </datafield>
  <datafield tag="801" ind1=" " ind2="3">
    <subfield code="a">IT</subfield>
    <subfield code="b">ICCU</subfield>
    <subfield code="c">20201114</subfield>
  </datafield>
  <datafield tag="899" ind1=" " ind2=" ">
    <subfield code="a">Biblioteca Ambrosiana. Milano</subfield>
    <subfield code="1">MI0133</subfield>
    <subfield code="2">VBA 01</subfield>
  </datafield>
</record>
</collection>
